{
  "leader": "03968cam a22005411i 4500",
  "fields": [
    {
      "001": "ocm00353081\\"
    },
    {
      "003": "OCoLC"
    },
    {
      "005": "20220105155307.0"
    },
    {
      "008": "720712s1965\\\\\\\\nyu\\\\\\\\\\\\b\\\\\\\\001\\0\\eng\\\\"
    },
    {
      "010": {
        "ind1": "\\",
        "ind2": "\\",
        "subfields": [
          {
            "a": "   65018328 "
          }
        ]
      }
    },
    {
      "040": {
        "ind1": "\\",
        "ind2": "\\",
        "subfields": [
          {
            "a": "DLC"
          },
          {
            "b": "eng"
          },
          {
            "c": "MIA"
          },
          {
            "d": "DLC"
          },
          {
            "d": "SER"
          },
          {
            "d": "NRC"
          },
          {
            "d": "MDW"
          },
          {
            "d": "EL{dollar}"
          },
          {
            "d": "BAKER"
          },
          {
            "d": "BTCTA"
          },
          {
            "d": "OCLCG"
          },
          {
            "d": "STF"
          },
          {
            "d": "CRU"
          },
          {
            "d": "OCLCQ"
          },
          {
            "d": "DEBBG"
          },
          {
            "d": "GV9"
          },
          {
            "d": "ZWZ"
          },
          {
            "d": "OCLCQ"
          },
          {
            "d": "OCLCO"
          },
          {
            "d": "OCLCF"
          },
          {
            "d": "OCL"
          },
          {
            "d": "BUR"
          },
          {
            "d": "OCL"
          },
          {
            "d": "CNUTO"
          },
          {
            "d": "TAL"
          },
          {
            "d": "UEJ"
          },
          {
            "d": "NLC"
          },
          {
            "d": "VBO"
          },
          {
            "d": "OCLCO"
          },
          {
            "d": "OCLCQ"
          },
          {
            "d": "XFF"
          },
          {
            "d": "TYC"
          },
          {
            "d": "OCLCQ"
          },
          {
            "d": "CNO"
          },
          {
            "d": "YT6"
          },
          {
            "d": "OCLCQ"
          },
          {
            "d": "YBM"
          },
          {
            "d": "OCLCA"
          },
          {
            "d": "VLB"
          },
          {
            "d": "NZWGA"
          },
          {
            "d": "ZHC"
          },
          {
            "d": "IL4J6"
          },
          {
            "d": "OCLCO"
          },
          {
            "d": "BXM"
          },
          {
            "d": "OCLCO"
          },
          {
            "d": "OCLCQ"
          }
        ]
      }
    },
    {
      "015": {
        "ind1": "\\",
        "ind2": "\\",
        "subfields": [
          {
            "a": "GB6519937"
          },
          {
            "2": "bnb"
          }
        ]
      }
    },
    {
      "016": {
        "ind1": "\\",
        "ind2": "\\",
        "subfields": [
          {
            "a": "(AMICUS)000004386586"
          }
        ]
      }
    },
    {
      "019": {
        "ind1": "\\",
        "ind2": "\\",
        "subfields": [
          {
            "a": "15513981"
          },
          {
            "a": "1076363069"
          },
          {
            "a": "1145271347"
          },
          {
            "a": "1153202124"
          },
          {
            "a": "1165426126"
          },
          {
            "a": "1166518725"
          },
          {
            "a": "1171214264"
          },
          {
            "a": "1201955644"
          },
          {
            "a": "1224884737"
          },
          {
            "a": "1231488205"
          },
          {
            "a": "1277098096"
          }
        ]
      }
    },
    {
      "035": {
        "ind1": "\\",
        "ind2": "\\",
        "subfields": [
          {
            "a": "(OCoLC)353081"
          },
          {
            "z": "(OCoLC)15513981"
          },
          {
            "z": "(OCoLC)1076363069"
          },
          {
            "z": "(OCoLC)1145271347"
          },
          {
            "z": "(OCoLC)1153202124"
          },
          {
            "z": "(OCoLC)1165426126"
          },
          {
            "z": "(OCoLC)1166518725"
          },
          {
            "z": "(OCoLC)1171214264"
          },
          {
            "z": "(OCoLC)1201955644"
          },
          {
            "z": "(OCoLC)1224884737"
          },
          {
            "z": "(OCoLC)1231488205"
          },
          {
            "z": "(OCoLC)1277098096"
          }
        ]
      }
    },
    {
      "043": {
        "ind1": "\\",
        "ind2": "\\",
        "subfields": [
          {
            "a": "n-us---"
          }
        ]
      }
    },
    {
      "050": {
        "ind1": "0",
        "ind2": "0",
        "subfields": [
          {
            "a": "E850"
          },
          {
            "b": ".W5"
          }
        ]
      }
    },
    {
      "050": {
        "ind1": "1",
        "ind2": "4",
        "subfields": [
          {
            "a": "JK526 1964"
          },
          {
            "b": ".W54"
          }
        ]
      }
    },
    {
      "055": {
        "ind1": "\\",
        "ind2": "3",
        "subfields": [
          {
            "a": "E850"
          },
          {
            "b": "W5 1965"
          }
        ]
      }
    },
    {
      "082": {
        "ind1": "0",
        "ind2": "4",
        "subfields": [
          {
            "a": "324.9730923"
          },
          {
            "b": "WHI"
          }
        ]
      }
    },
    {
      "100": {
        "ind1": "1",
        "ind2": "\\",
        "subfields": [
          {
            "a": "White, Theodore H."
          },
          {
            "q": "(Theodore Harold),"
          },
          {
            "d": "1915-1986,"
          },
          {
            "e": "author."
          }
        ]
      }
    },
    {
      "245": {
        "ind1": "1",
        "ind2": "4",
        "subfields": [
          {
            "a": "The making of the President, 1964 /"
          },
          {
            "c": "Theodore H. White."
          }
        ]
      }
    },
    {
      "250": {
        "ind1": "\\",
        "ind2": "\\",
        "subfields": [
          {
            "a": "First edition."
          }
        ]
      }
    },
    {
      "264": {
        "ind1": "\\",
        "ind2": "1",
        "subfields": [
          {
            "a": "New York :"
          },
          {
            "b": "Atheneum Publishers,"
          },
          {
            "c": "1965."
          }
        ]
      }
    },
    {
      "264": {
        "ind1": "\\",
        "ind2": "4",
        "subfields": [
          {
            "c": "\u00a91965"
          }
        ]
      }
    },
    {
      "300": {
        "ind1": "\\",
        "ind2": "\\",
        "subfields": [
          {
            "a": "1 unnumbered page, xi pages, 1 unnumbered page, 431 pages, 1 unnumbered page ;"
          },
          {
            "c": "25 cm"
          }
        ]
      }
    },
    {
      "336": {
        "ind1": "\\",
        "ind2": "\\",
        "subfields": [
          {
            "a": "text"
          },
          {
            "b": "txt"
          },
          {
            "2": "rdacontent"
          }
        ]
      }
    },
    {
      "337": {
        "ind1": "\\",
        "ind2": "\\",
        "subfields": [
          {
            "a": "unmediated"
          },
          {
            "b": "n"
          },
          {
            "2": "rdamedia"
          }
        ]
      }
    },
    {
      "338": {
        "ind1": "\\",
        "ind2": "\\",
        "subfields": [
          {
            "a": "volume"
          },
          {
            "b": "nc"
          },
          {
            "2": "rdacarrier"
          }
        ]
      }
    },
    {
      "520": {
        "ind1": "\\",
        "ind2": "\\",
        "subfields": [
          {
            "a": "Documents the 1964 Presidential campaign which resulted in the election of Lyndon B. Johnson over Republican conservative Barry M. Goldwater."
          }
        ]
      }
    },
    {
      "520": {
        "ind1": "\\",
        "ind2": "\\",
        "subfields": [
          {
            "a": "Tells the story of that turbulent year of decision which began with the assassination of John F Kennedy, swept through the civil war within the Republican Party and the civil rights revolution, and climaxed in the battle for power between Lyndon B. Johnson and Barry Goldwater. It is the story of how men behave when they are caught by great forces and must act under relentless pressure to lead; and of how Americans respond to leadership at every level.--Adapted from dust jacket."
          }
        ]
      }
    },
    {
      "504": {
        "ind1": "\\",
        "ind2": "\\",
        "subfields": [
          {
            "a": "Includes bibliographical references and index."
          }
        ]
      }
    },
    {
      "505": {
        "ind1": "0",
        "ind2": "\\",
        "subfields": [
          {
            "a": "Of death and unreason -- Lyndon Johnson takes over -- The Republicans : rendezvous with disaster -- The primaries : duel to the death -- The dance of the elephants -- Freedom now : the Negro revolution -- Barry Goldwater's convention : coup at the Cow Palace -- Riot in the street : the politics of chaos -- Lyndon Johnson's convention -- The issues : cry Babylon! -- Barry Goldwater's campaign : \"What kind of country do you want to have?\" -- Lyndon Johnson's campaign : \"Come down an' hear the speakin'\" -- Vox populi : \"For what we are about to receive ...\""
          }
        ]
      }
    },
    {
      "600": {
        "ind1": "1",
        "ind2": "0",
        "subfields": [
          {
            "a": "Johnson, Lyndon B."
          },
          {
            "q": "(Lyndon Baines),"
          },
          {
            "d": "1908-1973."
          }
        ]
      }
    },
    {
      "600": {
        "ind1": "1",
        "ind2": "0",
        "subfields": [
          {
            "a": "Goldwater, Barry M."
          },
          {
            "q": "(Barry Morris),"
          },
          {
            "d": "1909-1998."
          }
        ]
      }
    },
    {
      "650": {
        "ind1": "\\",
        "ind2": "0",
        "subfields": [
          {
            "a": "Presidents"
          },
          {
            "z": "United States"
          },
          {
            "x": "Election"
          },
          {
            "y": "1964."
          }
        ]
      }
    },
    {
      "651": {
        "ind1": "\\",
        "ind2": "0",
        "subfields": [
          {
            "a": "United States"
          },
          {
            "x": "Politics and government"
          },
          {
            "y": "1963-1969."
          }
        ]
      }
    },
    {
      "600": {
        "ind1": "1",
        "ind2": "7",
        "subfields": [
          {
            "a": "Goldwater, Barry M."
          },
          {
            "q": "(Barry Morris),"
          },
          {
            "d": "1909-1998."
          },
          {
            "2": "fast"
          },
          {
            "0": "(OCoLC)fst00047244"
          }
        ]
      }
    },
    {
      "600": {
        "ind1": "1",
        "ind2": "7",
        "subfields": [
          {
            "a": "Johnson, Lyndon B."
          },
          {
            "q": "(Lyndon Baines),"
          },
          {
            "d": "1908-1973."
          },
          {
            "2": "fast"
          },
          {
            "0": "(OCoLC)fst00048810"
          }
        ]
      }
    },
    {
      "650": {
        "ind1": "\\",
        "ind2": "7",
        "subfields": [
          {
            "a": "Politics and government"
          },
          {
            "2": "fast"
          },
          {
            "0": "(OCoLC)fst01919741"
          }
        ]
      }
    },
    {
      "650": {
        "ind1": "\\",
        "ind2": "7",
        "subfields": [
          {
            "a": "Presidents"
          },
          {
            "x": "Election."
          },
          {
            "2": "fast"
          },
          {
            "0": "(OCoLC)fst01075747"
          }
        ]
      }
    },
    {
      "651": {
        "ind1": "\\",
        "ind2": "7",
        "subfields": [
          {
            "a": "United States."
          },
          {
            "2": "fast"
          },
          {
            "0": "(OCoLC)fst01204155"
          }
        ]
      }
    },
    {
      "648": {
        "ind1": "\\",
        "ind2": "7",
        "subfields": [
          {
            "a": "1963-1969"
          },
          {
            "2": "fast"
          }
        ]
      }
    },
    {
      "776": {
        "ind1": "0",
        "ind2": "8",
        "subfields": [
          {
            "i": "Online version:"
          },
          {
            "a": "White, Theodore H. (Theodore Harold), 1915-1986."
          },
          {
            "t": "Making of the President, 1964."
          },
          {
            "b": "[1st ed.]."
          },
          {
            "d": "New York, Atheneum Publishers, 1965"
          },
          {
            "w": "(OCoLC)565001674"
          }
        ]
      }
    },
    {
      "776": {
        "ind1": "0",
        "ind2": "8",
        "subfields": [
          {
            "i": "Online version:"
          },
          {
            "a": "White, Theodore H. (Theodore Harold), 1915-1986."
          },
          {
            "t": "Making of the President, 1964."
          },
          {
            "b": "[1st ed.]."
          },
          {
            "d": "New York, Atheneum Publishers, 1965"
          },
          {
            "w": "(OCoLC)609863523"
          }
        ]
      }
    },
    {
      "994": {
        "ind1": "\\",
        "ind2": "\\",
        "subfields": [
          {
            "a": "Z0"
          },
          {
            "b": "NYRVC"
          }
        ]
      }
    },
    {
      "948": {
        "ind1": "\\",
        "ind2": "\\",
        "subfields": [
          {
            "h": "NO HOLDINGS IN NYRVC - 2418 OTHER HOLDINGS"
          }
        ]
      }
    },
    {
      "999": {
        "ind1": "\\",
        "ind2": "\\",
        "subfields": [
          {
            "a": "00000000015222"
          }
        ]
      }
    }
  ]
}